@misc{collatz1937,
  author = {Lothar Collatz},
  title  = {On the Collatz Conjecture},
  year   = {1937},
  note   = {Unpublished manuscript, also known as the 3n+1 problem or Syracuse problem}
}